<?xml version="1.0" encoding="UTF-8"?><collection xmlns="http://www.loc.gov/MARC21/slim"><record><leader>00490nam--2200169-i-4500</leader><controlfield tag="001">000041446</controlfield><controlfield tag="002">20161230</controlfield><controlfield tag="005">20161230201043</controlfield><controlfield tag="008">060222s1000------------r-----000-0-eng-d</controlfield><datafield ind1=" " ind2=" " tag="040"><subfield code="a">IFIN-HH</subfield></datafield><datafield ind1=" " ind2=" " tag="080"><subfield code="a">537.222.22:621.382:621.315.592</subfield></datafield><datafield ind1="1" ind2=" " tag="100"><subfield code="a">Shepherd,A.A</subfield></datafield><datafield ind1="1" ind2="0" tag="245"><subfield code="a">An introducion to the theory and practice of semiconductors</subfield><subfield code="c">A.a. shepherd</subfield></datafield><datafield ind1=" " ind2=" " tag="260"><subfield code="a">London</subfield><subfield code="b">Constable And Company Ltd</subfield><subfield code="c">1958</subfield></datafield><datafield ind1=" " ind2=" " tag="300"><subfield code="a">206 P</subfield></datafield><datafield ind1=" " ind2=" " tag="852"><subfield code="a">12289</subfield><subfield code="c">537.311.33</subfield></datafield><datafield ind1=" " ind2=" " tag="CAT"><subfield code="a">Sys</subfield><subfield code="c">20110718</subfield><subfield code="h">132808</subfield></datafield></record></collection>